
@online{digoc:install,
  author = {digitalocean.com},
  title = {How To Install and Use Docker on Ubuntu 16.04},
  howpublished = "\url{https://www.digitalocean.com/community/tutorials/how-to-install-and-use-docker-on-ubuntu-16-04}",
  note = {2017-03},
  year = 2017,
}

@online{dock:install,
  author = "docker.com",
  title = {Install Docker},
  howpublished = "\url{https://docs.docker.com/engine/installation}",
  note = {2017-03},
  year = 2017,
}

@online{gith:multiscale,
  author = "Stefan Geißelsöder",
  title = {Multiscale source search},
  howpublished = "\url{https://github.com/sgeisselsoeder/multiscale}",
  note = {2017-03},
  year = 2017,
}

@article{geisselsoeder:phd,
  author="Gei{\ss}els{\"o}der, Stefan",
  title="{Model-independent search for neutrino sources with the ANTARES neutrino telescope}",
  journal="{Ph.D. thesis}",
  volume={Friedrich-Alexander-Universit{\"a}t Erlangen-N{\"u}rnberg},
  note={ \url{http://www.ecap.nat.uni-erlangen.de/publications/pub/2016_Geisselsoeder_Dissertation.pdf}},
  year={2016},
}

@online{dockerhub:km3net,
  author = "KM3NeT collaboration",
  title = {},
  howpublished = "\url{https://hub.docker.com/u/km3net}",
  note = {2017-03},
  year = 2017,
}

@online{nvidia:docker,
  author = "NVIDIA",
  title = {Build and run Docker containers leveraging NVIDIA GPUs},
  howpublished = "\url{https://github.com/NVIDIA/nvidia-docker}",
  note = {2017-03},
  year = 2017,
}

@online{gith:tutorial,
  author = "Stefan Geißelsöder",
  title = {},
  howpublished = "\url{https://github.com/sgeisselsoeder/dockerProjects}",
  note = {2017-03},
  year = 2017,
}



@article{antares:ps,
  author         = "Adrián-Martínez, S. and others",
  title          = "{Search for Cosmic Neutrino Point Sources with Four Year
		    Data of the ANTARES Telescope}",
  collaboration  = "ANTARES",
  journal        = "Astrophys. J.",
  volume         = "760",
  year           = "2012",
  pages          = "53"
}